@book{aima,
 author = {Russell, Stuart J. and Norvig, Peter},
 title = {Artificial Intelligence: A Modern Approach},
 year = {2003},
 isbn = {0137903952},
 edition = {2},
 publisher = {Pearson Education},
}

@book{genpro,
 author = {Koza, John R.},
 title = {Genetic Programming: On the Programming of Computers by Means of Natural Selection},
 year = {1992},
 isbn = {0-262-11170-5},
 publisher = {MIT Press},
 address = {Cambridge, MA, USA},
}

@article{schlaefer,
    author = {Schlaefer, A. and Schweikard, A.},
    journal = {Medical physics},
    pages = {2094-2103},
    title = {{Stepwise multi-criteria optimization for robotic radiosurgery}},
    volume = {35},
    year = {2008}
}

@book{matprog,
 author = {Williams, H. Paul},
 title = {Model Building in Mathmetical Programming},
 year = {2013},
 isbn = {1118443330},
 edition = {5},
 publisher = {John Wiley \& Sons},
}

@book{brachytherapy,
  author = {Devlin, Phillip M.},
  title = {Brachytherapy. Applications and Techniques},
  year = {2006},
  publisher = {Lippincott Williams \& Wilkins},
  address = {Philadelphia},
  isbn = {0781762774}
}  

@misc{cplex,
  author = {IBM},
  title = {IBM ILOG CPLEX Optimization Studio},
  howpublished = "\url{http://www-03.ibm.com/software/products/de/ibmilogcpleoptistud}",
  year = {2014}, 
}
